<?xml version="1.0" encoding="UTF-8"?><collection xmlns="http://www.loc.gov/MARC21/slim"><record><leader>00506nam--2200169-i-4500</leader><controlfield tag="001">000016674</controlfield><controlfield tag="002">20161230</controlfield><controlfield tag="005">20170207230618</controlfield><controlfield tag="008">060222s1000------------r-----000-0-eng-d</controlfield><datafield ind1=" " ind2=" " tag="100"><subfield code="a">Cappelli, Andrea</subfield></datafield><datafield ind1=" " ind2=" " tag="245"><subfield code="a">On the stress tensor of free conformal field theories in higher dimensions</subfield></datafield><datafield ind1=" " ind2=" " tag="260"><subfield code="a">Gif-Sur-Yvette</subfield><subfield code="b">Commissariat A L Energie Atomique</subfield><subfield code="c">1988</subfield></datafield><datafield ind1=" " ind2=" " tag="300"><subfield code="a">/Pag.Dif.</subfield></datafield><datafield ind1=" " ind2=" " tag="490"><subfield code="a">Bibliographie Cea-bib-126</subfield></datafield><datafield ind1=" " ind2=" " tag="700"><subfield code="a">Coste, Antoine</subfield></datafield><datafield ind1=" " ind2=" " tag="852"><subfield code="a">53(048)</subfield></datafield><datafield ind1=" " ind2=" " tag="CAT"><subfield code="a">SYS</subfield><subfield code="c">20170207</subfield><subfield code="h">230618</subfield></datafield></record></collection>